<?xml version="1.0" encoding="UTF-8"?><collection xmlns="http://www.loc.gov/MARC21/slim"><record><leader>00536nam--2200181-i-4500</leader><controlfield tag="001">000011773</controlfield><controlfield tag="002">20161230</controlfield><controlfield tag="005">20161230201029</controlfield><controlfield tag="008">060222s1000------------r-----000-0-fre-d</controlfield><datafield ind1=" " ind2=" " tag="040"><subfield code="a">IFIN-HH</subfield></datafield><datafield ind1=" " ind2=" " tag="041"><subfield code="a">fre</subfield></datafield><datafield ind1=" " ind2=" " tag="080"><subfield code="a">539.14(043)</subfield></datafield><datafield ind1="1" ind2=" " tag="100"><subfield code="a">Cailliau, Michel</subfield></datafield><datafield ind1="1" ind2="0" tag="245"><subfield code="a">Recherche et mise en evidence de noyaux critiq ues ou supermous (aspects experimentaux at theoriques)</subfield><subfield code="b">These</subfield><subfield code="c">Michel cailliau</subfield></datafield><datafield ind1=" " ind2=" " tag="260"><subfield code="a">Orsay</subfield><subfield code="b">Universite Paris-sud</subfield><subfield code="c">1974</subfield></datafield><datafield ind1=" " ind2=" " tag="300"><subfield code="a">144 P</subfield></datafield><datafield ind1=" " ind2=" " tag="852"><subfield code="a">43415</subfield><subfield code="c">539.14</subfield></datafield><datafield ind1=" " ind2=" " tag="CAT"><subfield code="a">Sys</subfield><subfield code="c">20120330</subfield><subfield code="h">144302</subfield></datafield></record></collection>